% Encoding: UTF-8

@Misc{REP103,
OPTkey = {•},
author = {Tully Foote, Mike Purvis},
title = {Standard Units of Measure and Coordinate Conventions},
howpublished = {\url{https://www.ros.org/reps/rep-0103.html}},
date={2010-10-07},
OPTmonth = {•},
OPTyear = {•},
note = {Accessed: 2021-02-20},
OPTannote = {•}
}


@Misc{REP105,
OPTkey = {•},
author = {Wim Meeussen},
title = {Coordinate Frames for Mobile Platforms},
howpublished = {\url{https://www.ros.org/reps/rep-0105.html}},
OPTmonth = {•},
OPTyear = {•},
date={2010-10-27},
note = {Accessed: 2021-02-20},
OPTannote = {•}
}

@Misc{navcore,
OPTkey = {•},
title = {nav\_core documentation},
howpublished = {\url{http://wiki.ros.org/nav_core?distro=noetic}},
OPTmonth = {•},
OPTyear = {•},
note = {Accessed: 2021-03-01},
OPTannote = {•}
}

@Article{Pitonakova,
  author = {Pitonakova et al, Lenka},
  title  = {Feature and performance comparison of the V-REP, Gazebo and ARGoS robot simulators},
  year   = {2018},
}

@Article{Nogueira,
  author = {Nogueira, Lucas},
  title  = {Comparative Analysis Between Gazebo and V-REP Robotic Simulators},
  year   = {•},
}

@INPROCEEDINGS{SimComp,
  author={M. {Santos Pessoa de Melo} and J. {Gomes da Silva Neto} and P. {Jorge Lima da Silva} and J. M. X. {Natario Teixeira} and V. {Teichrieb}},
  booktitle={2019 21st Symposium on Virtual and Augmented Reality (SVR)}, 
  title={Analysis and Comparison of Robotics 3D Simulators}, 
  year={2019},
  volume={},
  number={},
  pages={242-251},
  doi={10.1109/SVR.2019.00049}
  }
  
@Misc{ROSPkg,
    author = {ROS contributors},
    title = {ROS Index},
    howpublished = {\url{https://index.ros.org/packages/\#noetic}},
    OPTmonth = {•},
    OPTyear = {•},
    date={2021-02-26},
    note = {Online, Accessed: 2021-02-26},
    OPTannote = {•}
}

@Misc{corrotplanner,
    author = {ROS contributors},
    title = {carrot planner},
    year = {2021},
    howpublished = {\url{http://wiki.ros.org/carrot_planner}},
    note = {Online; Accessed: 2021-03-04}
}

@Misc{cartographertuning,
    author = {Google Cartographer contributors},
    title = {SLAM tuning},
    year = {2020},
    howpublished = {\url{https://google-cartographer-ros.readthedocs.io/en/latest/tuning.html}},
    note = {Online; Accessed: 2021-03-09}
}

@Misc{globalplanner,
    author = {ROS contributors},
    title = {global\_planner},
    year = {2021},
    howpublished = {\url{http://wiki.ros.org/global_planner}},
    note = {Online; Accessed: 2021-03-10}
}
@book {AlgorithmenundDatenstrukturen, 
	title = "Algorithmen und Datenstrukturen",
	author = "Sattler, Kai-Uwe AND Saake, Gunter",
	isbn = "9783969100660",
	edition = "6",
	keywords = "Java, Datenstrukturen, Praktische Informatik, Graphen, Datentypen, Informatik-Lehrbuch, Algorithmische Grundbegriffe, Grundkonzepte Programmierung, Algorithmenparadigmen, Grundlegende Datenstrukturen, Hashverfahren, Algorithmenmuster, Dynamische Programmierung, Datentypen in Java",
	url = "http://www.content-select.com/index.php?id=bib_view&amp;ean=9783969100660",
	url = "https://content-select.com/de/portal/media/view/5f4a4a42-330c-4397-9629-0695b0dd2d03",
	publisher = "dpunkt.verlag",
	language = "ger",
}

@Book{ComputerGraphics,
title = {Computer Graphics for Java Programmers},
author = {Leen Ammeraal, Kang Zhang},
	isbn = "9783319633565",
	edition = "3",
	keywords = "Java, Computer Graphics",

	url = "https://doi.org/10.1007/978-3-319-63357-2",
	publisher = "Springer, Cham",
	language = "ger",
}

@Comment{jabref-meta: databaseType:bibtex;}
